@inproceedings{DBLP:conf/podc/MichaelS96,
  author       = {Maged M. Michael and
                  Michael L. Scott},
  editor       = {James E. Burns and
                  Yoram Moses},
  title        = {Simple, Fast, and Practical Non-Blocking and Blocking Concurrent Queue
                  Algorithms},
  booktitle    = {Proceedings of the Fifteenth Annual {ACM} Symposium on Principles
                  of Distributed Computing, Philadelphia, Pennsylvania, USA, May 23-26,
                  1996},
  pages        = {267--275},
  publisher    = {{ACM}},
  year         = {1996},
  url          = {https://doi.org/10.1145/248052.248106},
  doi          = {10.1145/248052.248106},
  timestamp    = {Wed, 14 Nov 2018 10:51:56 +0100},
  biburl       = {https://dblp.org/rec/conf/podc/MichaelS96.bib},
  bibsource    = {dblp computer science bibliography, https://dblp.org}
}

@article{DBLP:journals/jfp/JungKJBBD18,
  author       = {Ralf Jung and
                  Robbert Krebbers and
                  Jacques{-}Henri Jourdan and
                  Ales Bizjak and
                  Lars Birkedal and
                  Derek Dreyer},
  title        = {Iris from the ground up: {A} modular foundation for higher-order concurrent
                  separation logic},
  journal      = {J. Funct. Program.},
  volume       = {28},
  pages        = {e20},
  year         = {2018},
  url          = {https://doi.org/10.1017/S0956796818000151},
  doi          = {10.1017/S0956796818000151},
  timestamp    = {Sat, 30 Sep 2023 10:19:01 +0200},
  biburl       = {https://dblp.org/rec/journals/jfp/JungKJBBD18.bib},
  bibsource    = {dblp computer science bibliography, https://dblp.org}
}

@inproceedings{DBLP:conf/cpp/VindumB21,
  author       = {Simon Friis Vindum and
                  Lars Birkedal},
  editor       = {Catalin Hritcu and
                  Andrei Popescu},
  title        = {Contextual refinement of the Michael-Scott queue (proof pearl)},
  booktitle    = {{CPP} '21: 10th {ACM} {SIGPLAN} International Conference on Certified
                  Programs and Proofs, Virtual Event, Denmark, January 17-19, 2021},
  pages        = {76--90},
  publisher    = {{ACM}},
  year         = {2021},
  url          = {https://doi.org/10.1145/3437992.3439930},
  doi          = {10.1145/3437992.3439930},
  timestamp    = {Sat, 08 Jan 2022 02:24:36 +0100},
  biburl       = {https://dblp.org/rec/conf/cpp/VindumB21.bib},
  bibsource    = {dblp computer science bibliography, https://dblp.org}
}


@misc{gentleiris,
  title={Lecture Notes on Iris: Higher-Order Concurrent Separation Logic},
  author={Birkedal, Lars and Bizjak, Ale≈°},
  year={2017},
  howpublished={\url{http://iris-project.org/tutorial-pdfs/iris-lecture-notes.pdf}}
}

@article{DBLP:journals/toplas/HerlihyW90,
  author       = {Maurice Herlihy and
                  Jeannette M. Wing},
  title        = {Linearizability: {A} Correctness Condition for Concurrent Objects},
  journal      = {{ACM} Trans. Program. Lang. Syst.},
  volume       = {12},
  number       = {3},
  pages        = {463--492},
  year         = {1990},
  url          = {https://doi.org/10.1145/78969.78972},
  doi          = {10.1145/78969.78972},
  timestamp    = {Wed, 14 Nov 2018 10:30:40 +0100},
  biburl       = {https://dblp.org/rec/journals/toplas/HerlihyW90.bib},
  bibsource    = {dblp computer science bibliography, https://dblp.org}
}

@article{DBLP:journals/pacmpl/JungLPRTDJ20,
  author       = {Ralf Jung and
                  Rodolphe Lepigre and
                  Gaurav Parthasarathy and
                  Marianna Rapoport and
                  Amin Timany and
                  Derek Dreyer and
                  Bart Jacobs},
  title        = {The future is ours: prophecy variables in separation logic},
  journal      = {Proc. {ACM} Program. Lang.},
  volume       = {4},
  number       = {{POPL}},
  pages        = {45:1--45:32},
  year         = {2020},
  url          = {https://doi.org/10.1145/3371113},
  doi          = {10.1145/3371113},
  timestamp    = {Sat, 30 Sep 2023 10:23:23 +0200},
  biburl       = {https://dblp.org/rec/journals/pacmpl/JungLPRTDJ20.bib},
  bibsource    = {dblp computer science bibliography, https://dblp.org}
}
