@inproceedings{DBLP:conf/podc/MichaelS96,
  author       = {Maged M. Michael and
                  Michael L. Scott},
  editor       = {James E. Burns and
                  Yoram Moses},
  title        = {Simple, Fast, and Practical Non-Blocking and Blocking Concurrent Queue
                  Algorithms},
  booktitle    = {Proceedings of the Fifteenth Annual {ACM} Symposium on Principles
                  of Distributed Computing, Philadelphia, Pennsylvania, USA, May 23-26,
                  1996},
  pages        = {267--275},
  publisher    = {{ACM}},
  year         = {1996},
  url          = {https://doi.org/10.1145/248052.248106},
  doi          = {10.1145/248052.248106},
  timestamp    = {Wed, 14 Nov 2018 10:51:56 +0100},
  biburl       = {https://dblp.org/rec/conf/podc/MichaelS96.bib},
  bibsource    = {dblp computer science bibliography, https://dblp.org}
}

@article{DBLP:journals/jfp/JungKJBBD18,
  author       = {Ralf Jung and
                  Robbert Krebbers and
                  Jacques{-}Henri Jourdan and
                  Ales Bizjak and
                  Lars Birkedal and
                  Derek Dreyer},
  title        = {Iris from the ground up: {A} modular foundation for higher-order concurrent
                  separation logic},
  journal      = {J. Funct. Program.},
  volume       = {28},
  pages        = {e20},
  year         = {2018},
  url          = {https://doi.org/10.1017/S0956796818000151},
  doi          = {10.1017/S0956796818000151},
  timestamp    = {Sat, 30 Sep 2023 10:19:01 +0200},
  biburl       = {https://dblp.org/rec/journals/jfp/JungKJBBD18.bib},
  bibsource    = {dblp computer science bibliography, https://dblp.org}
}

@inproceedings{DBLP:conf/cpp/VindumB21,
  author       = {Simon Friis Vindum and
                  Lars Birkedal},
  editor       = {Catalin Hritcu and
                  Andrei Popescu},
  title        = {Contextual refinement of the Michael-Scott queue (proof pearl)},
  booktitle    = {{CPP} '21: 10th {ACM} {SIGPLAN} International Conference on Certified
                  Programs and Proofs, Virtual Event, Denmark, January 17-19, 2021},
  pages        = {76--90},
  publisher    = {{ACM}},
  year         = {2021},
  url          = {https://doi.org/10.1145/3437992.3439930},
  doi          = {10.1145/3437992.3439930},
  timestamp    = {Sat, 08 Jan 2022 02:24:36 +0100},
  biburl       = {https://dblp.org/rec/conf/cpp/VindumB21.bib},
  bibsource    = {dblp computer science bibliography, https://dblp.org}
}

